@string{tacas = {Proc. Tools and Algorithms for Construction and Analysis of Systems}}
@string{cav = {Proc. International Conference on Computer Aided Verification}}
@string{pldi = {Proc. Conference on Programming Language Design and Implementation}}
@string{popl = {Proc. Symposium on Principles of Programming Languages}}
@string{uist = {Proc. Symposium on User Interface Software and Technology}}}
@string{icse = {Proc. International Conference on Software Engineering}}
@string{chi = {Proc. International Conference on Human Factors in Computing Systems}}
@string{oopsla = {Proc. International Conference on Object-Oriented Programming, Systems, Languages, and Applications}}
@string{asplos = {Proc. International Conference on Architectural Support for Programming Languages and Operating Systems}}
@string{ase = {Proc. International Conference on Automated Software Engineering}}
@string{fmcad = {Proc. Formal Methods in Computer-Aided Design}}
@string{iclr = {Proc. International Conference on Learning Representations}}
@string{neurips = {Proc. Advances in Neural Information Processing Systems}}

@article{DBLP:journals/corr/abs-1807-03100,
  author    = {Chenglong Wang and
               Po{-}Sen Huang and
               Alex Polozov and
               Marc Brockschmidt and
               Rishabh Singh},
  title     = {Execution-Guided Neural Program Decoding},
  journal   = {CoRR},
  volume    = {abs/1807.03100},
  year      = {2018},
  url       = {http://arxiv.org/abs/1807.03100},
  archivePrefix = {arXiv},
  eprint    = {1807.03100},
  timestamp = {Mon, 13 Aug 2018 16:48:03 +0200},
  biburl    = {https://dblp.org/rec/bib/journals/corr/abs-1807-03100},
  bibsource = {dblp computer science bibliography, https://dblp.org}
}

@inproceedings{dpllt,
  author    = {Harald Ganzinger and
               George Hagen and
               Robert Nieuwenhuis and
               Albert Oliveras and
               Cesare Tinelli},
  title     = {{DPLL(} {T):} Fast Decision Procedures},
  booktitle = cav,
  pages     = {175--188},
  year      = {2004},
  publisher = {Springer}
}

@article{tarjan,
  author    = {Bengt Aspvall and
               Michael F. Plass and
               Robert Endre Tarjan},
  title     = {A Linear-Time Algorithm for Testing the Truth of Certain Quantified
               Boolean Formulas},
  journal   = {Inf. Process. Lett.},
  volume    = {8},
  number    = {3},
  pages     = {121--123},
  year      = {1979}
}

@inproceedings{cdcl2,
  author    = {Lintao Zhang and
               Conor F. Madigan and
               Matthew W. Moskewicz and
               Sharad Malik},
  title     = {Efficient Conflict Driven Learning in Boolean Satisfiability Solver},
  booktitle = {Proc. of International Conference on Computer-Aided
               Design},
  pages     = {279--285},
  year      = {2001},
  publisher = {{IEEE} Computer Society}
}

@article{grasp,
  author    = {Joao Marques-Silva and
               Karem A. Sakallah},
  title     = {{GRASP:} {A} Search Algorithm for Propositional Satisfiability},
  journal   = {{IEEE} Trans. Computers},
  volume    = {48},
  number    = {5},
  pages     = {506--521},
  year      = {1999}
}

@article{sat4j,
  author    = {Daniel Le Berre and
               Anne Parrain},
  title     = {The {S}at4j library, release 2.2},
  journal   = {Journal on Satisfiability, Boolean Modeling and Computation},
  pages     = {59--6},
  year      = {2010},
  timestamp = {Wed, 06 Apr 2011 14:59:27 +0200},
  biburl    = {http://dblp.uni-trier.de/rec/bib/journals/jsat/BerreP10},
  bibsource = {dblp computer science bibliography, http://dblp.org}
}

@inproceedings{z3,
  title={{Z3: An efficient SMT solver}},
  author={De Moura, Leonardo and Bj{\o}rner, Nikolaj},
  booktitle=tacas,
  pages={337--340},
  year={2008},
  organization={Springer}
}

@inproceedings{flashfill,
  title={Automating string processing in spreadsheets using input-output examples},
  author={Gulwani, Sumit},
  booktitle=popl,
  pages={317--330},
  year={2011},
  publisher={ACM}
}

@inproceedings{sypet,
  title={{Component-Based Synthesis for Complex APIs}},
  author={Feng, Yu and Martins, Ruben and Wang, Yuepeng and Dillig, Isil and Reps, Thomas},
  booktitle=popl,
  year={2017},
  organization={ACM},
  pages={599--612}
}

@inproceedings{slang,
  title={Code completion with statistical language models},
  author={Raychev, Veselin and Vechev, Martin and Yahav, Eran},
  booktitle=pldi,
  pages={419--428},
  year={2014},
  organization={ACM}
}

@inproceedings{hades,
  author    = {Navid Yaghmazadeh and
               Christian Klinger and
               Isil Dillig and
               Swarat Chaudhuri},
  title     = {Synthesizing transformations on hierarchically structured data},
  booktitle = pldi,
  pages     = {508--521},
  year      = {2016},
  publisher = {ACM}
}

@inproceedings{sketch2,
 author = {Solar-Lezama, Armando and Tancau, Liviu and Bodik, Rastislav and Seshia, Sanjit and Saraswat, Vijay},
 title = {Combinatorial Sketching for Finite Programs},
 booktitle = asplos,
 year = {2006},
 pages = {404--415},
 publisher = {ACM}
} 



@inproceedings{sketch1,
  author    = {Armando Solar{-}Lezama and
               Rodric M. Rabbah and
               Rastislav Bod{\'{\i}}k and
               Kemal Ebcioglu},
  title     = {Programming by sketching for bit-streaming programs},
  booktitle = pldi,
  pages     = {281--294},
  year      = {2005},
  publisher = {ACM}
}


@inproceedings{singh2016,
  title={Transforming spreadsheet data types using examples},
  author={Singh, Rishabh and Gulwani, Sumit},
  booktitle=popl,
  pages={343--356},
  year={2016},
  organization={ACM}
}

@inproceedings{prospector,
  author    = {David Mandelin and
               Lin Xu and
               Rastislav Bod{\'{\i}}k and
               Doug Kimelman},
  title     = {Jungloid mining: helping to navigate the {API} jungle},
  booktitle = pldi,
  pages     = {48--61},
  year      = {2005},
  publisher = {ACM}
}

@inproceedings{insynth,
  author    = {Tihomir Gvero and
               Viktor Kuncak and
               Ivan Kuraj and
               Ruzica Piskac},
  title     = {Complete completion using types and weights},
  booktitle = pldi,
  pages     = {27--38},
  year      = {2013},
  publisher = {ACM}
}

@inproceedings{morpheus,
  title={Component-based synthesis of table consolidation and transformation tasks from examples},
  author={Feng, Yu and Martins, Ruben and Van Geffen, Jacob and Dillig, Isil and Chaudhuri, Swarat},
  booktitle=pldi,
  pages={422--436},
  year={2017},
  organization={ACM}
}

@inproceedings{scythe,
  title={Synthesizing highly expressive SQL queries from input-output examples},
  author={Wang, Chenglong and Cheung, Alvin and Bodik, Rastislav},
  booktitle=pldi,
  pages={452--466},
  year={2017},
  organization={ACM}
}


@inproceedings{lambda2,
    author = {Feser, John K. and Chaudhuri, Swarat and Dillig, Isil},
    title = {{Synthesizing Data Structure Transformations from Input-output Examples}},
    booktitle = pldi,
    year = {2015},
    pages = {229--239},
    publisher = {ACM},
} 


@inproceedings{escher,
    author = {Albarghouthi, Aws and Gulwani, Sumit and Kincaid, Zachary},
    title = {{Recursive Program Synthesis}},
    booktitle = cav,
    year = {2013},
    pages = {934--950},
    publisher = {Springer}
} 

@article{transit,
  title={TRANSIT: specifying protocols with concolic snippets},
  author={Udupa, Abhishek and Raghavan, Arun and Deshmukh, Jyotirmoy V and Mador-Haim, Sela and Martin, Milo MK and Alur, Rajeev},
  journal=pldi,
  pages={287--296},
  year={2013},
  publisher={ACM}
}

@article{synquid,
  title={Program synthesis from polymorphic refinement types},
  author={Polikarpova, Nadia and Kuraj, Ivan and Solar-Lezama, Armando},
  journal=pldi,
  pages={522--538},
  year={2016},
  publisher={ACM}
}

@inproceedings{srilm,
  title={SRILM-an extensible language modeling toolkit},
  author={Stolcke, Andreas and others},
  booktitle={Interspeech},
  volume={2002},
  year={2002}
}

@inproceedings{deepcoder,
  title={Deepcoder: Learning to write programs},
  author={Balog, Matej and Gaunt, Alexander L and Brockschmidt, Marc and Nowozin, Sebastian and Tarlow, Daniel},
  booktitle=iclr,
  publisher={OpenReview},
  year={2017}
}

@inproceedings{neelakantan2016neural,
  title={Neural programmer: Inducing latent programs with gradient descent},
  author={Neelakantan, Arvind and Le, Quoc V and Sutskever, Ilya},
  booktitle=iclr,
  publisher={OpenReview},
  year={2016}
}

@inproceedings{neelakantan2017learning,
  title={Learning a natural language interface with neural programmer},
  author={Neelakantan, Arvind and Le, Quoc V and Abadi, Martin and McCallum, Andrew and Amodei, Dario},
  booktitle=iclr,
  publisher={OpenReview},
  year={2017}
}

@inproceedings{sutskever2014sequence,
  title={Sequence to sequence learning with neural networks},
  author={Sutskever, Ilya and Vinyals, Oriol and Le, Quoc V},
  booktitle={Advances in Neural Information Processing Systems},
  pages={3104--3112},
  year={2014}
}

@inproceedings{menon2013machine,
  title={A machine learning framework for programming by example},
  author={Menon, Aditya and Tamuz, Omer and Gulwani, Sumit and Lampson, Butler and Kalai, Adam},
  booktitle={Proc. International Conference on Machine Learning},
  pages={187--195},
  year={2013},
  publisher = {Proceedings of Machine Learning Research}
}

@inproceedings{jungloids,
  author    = {David Mandelin and
               Lin Xu and
               Rastislav Bod{\'{\i}}k and
               Doug Kimelman},
  title     = {Jungloid mining: helping to navigate the {API} jungle},
  booktitle = {Proceedings of the {ACM} {SIGPLAN} 2005 Conference on Programming
               Language Design and Implementation, Chicago, IL, USA, June 12-15,
               2005},
  pages     = {48--61},
  year      = {2005}
}

@inproceedings{bigL,
  author    = {Calvin Smith and
               Aws Albarghouthi},
  title     = {MapReduce program synthesis},
  booktitle = pldi,
  pages     = {326--340},
  year      = {2016},
  publisher = {ACM}
}


@inproceedings{Brahma,
  author    = {Susmit Jha and
               Sumit Gulwani and
               Sanjit A. Seshia and
               Ashish Tiwari},
  title     = {Oracle-guided component-based program synthesis},
  booktitle = icse,
  pages     = {215--224},
  year      = {2010},
  publisher = {ACM/IEEE}
}


@inproceedings{synudic,
  author    = {Adri{\`{a}} Gasc{\'{o}}n and
               Ashish Tiwari and
               Brent Carmer and
               Umang Mathur},
  title     = {Look for the Proof to Find the Program: Decorated-Component-Based
               Program Synthesis},
  booktitle = cav,
  pages     = {86--103},
  year      = {2017},
  publisher = {Springer}
}

@inproceedings{blaze,
  title={Program Synthesis using Abstraction Refinement},
  author={Wang, Xinyu and Dillig, Isil and Singh, Rishabh},
  booktitle=popl,
  publisher={ACM},
  year={2018},
  pages={63:1-63:30}
}

@article{blinkfill,
  title={Blinkfill: Semi-supervised programming by example for syntactic string transformations},
  author={Singh, Rishabh},
  journal={Proceedings of the VLDB Endowment},
  volume={9},
  number={10},
  pages={816--827},
  year={2016},
  publisher={VLDB Endowment}
}

@inproceedings{dace,
  title={{Synthesis of Data Completion Scripts using Finite Tree Automata}},
  author={Wang, Xinyu and Dillig, Isil and Singh, Rishabh},
  booktitle=oopsla,
  year={2017},
  publisher={ACM},
  pages={62:1-62:26}
}

@inproceedings{sqlizer,
  title={{SQLizer: Query Synthesis from Natural Language}},
  author={Yaghmazadeh, Navid and Wang, Yuepeng and Dillig, Isil and Dillig, Thomas},
  year={2017},
  booktitle=oopsla,
  publisher={ACM},
  pages={63:1-63:26}
}

@inproceedings{sql2,
  title={Automatically synthesizing sql queries from input-output examples},
  author={Zhang, Sai and Sun, Yuyin},
  booktitle=ase,
  pages={224--234},
  year={2013},
  organization={IEEE}
}

@inproceedings{myth,
  title={Type-and-example-directed program synthesis},
  author={Osera, Peter-Michael and Zdancewic, Steve},
  booktitle=pldi,
  pages={619--630},
  year={2015},
  organization={ACM}
}

@inproceedings{loop-free,
  title={Synthesis of loop-free programs},
  author={Gulwani, Sumit and Jha, Susmit and Tiwari, Ashish and Venkatesan, Ramarathnam},
  booktitle=pldi,
  pages={62--73},
  year={2011},
  organization={ACM}
}

@inproceedings{dual,
  title={Program synthesis using dual interpretation},
  author={Tiwari, Ashish and Gasc{\'o}n, Adria and Dutertre, Bruno},
  booktitle={Proc. International Conference on Automated Deduction},
  pages={482--497},
  year={2015},
  organization={Springer}
}

@article{cdcl1,
  title={Conflict-driven clause learning SAT solvers},
  author={Biere, Armin and Heule, Marijn and van Maaren, Hans and Walsh, Toby},
  journal={Handbook of Satisfiability, Frontiers in Artificial Intelligence and Applications},
  pages={131--153},
  year={2009}
}

@inproceedings{cegis1,
  title={Syntax-guided synthesis},
  author={Alur, Rajeev and Bodik, Rastislav and Juniwal, Garvit and Martin, Milo MK and Raghothaman, Mukund and Seshia, Sanjit A and Singh, Rishabh and Solar-Lezama, Armando and Torlak, Emina and Udupa, Abhishek},
  booktitle=fmcad,
  pages={1--8},
  year={2013},
  organization={IEEE}
}

@inproceedings{cegis2,
  title={The Sketching Approach to Program Synthesis.},
  author={Solar-Lezama, Armando},
  booktitle={Proc. Asian Symposium on Programming Languages and Systems},
  pages={4--13},
  year={2009},
  organization={Springer}
}

@book{cegis3,
  title={Program synthesis by sketching},
  author={Solar-Lezama, Armando},
  year={2008},
  publisher={University of California, Berkeley}
}

@inproceedings{raychev2014code,
  title={Code completion with statistical language models},
  author={Raychev, Veselin and Vechev, Martin and Yahav, Eran},
  booktitle={PLDI},
  volume={49},
  number={6},
  pages={419--428},
  year={2014},
  organization={ACM}
}

@inproceedings{raychev2016learning,
  title={Learning programs from noisy data},
  author={Raychev, Veselin and Bielik, Pavol and Vechev, Martin and Krause, Andreas},
  booktitle=popl,
  pages={761--774},
  year={2016},
  organization={ACM}
}

@inproceedings{raychev2015predicting,
  title={Predicting program properties from big code},
  author={Raychev, Veselin and Vechev, Martin and Krause, Andreas},
  booktitle={POPL},
  volume={50},
  number={1},
  pages={111--124},
  year={2015},
  organization={ACM}
}

@inproceedings{mangal2015user,
  title={A user-guided approach to program analysis},
  author={Mangal, Ravi and Zhang, Xin and Nori, Aditya V and Naik, Mayur},
  booktitle={Proceedings of the 2015 10th Joint Meeting on Foundations of Software Engineering},
  pages={462--473},
  year={2015},
  organization={ACM}
}

@misc{neo-tool,
    author={Yu Feng and Ruben Martins and Osbert Bastani and Isil Dillig},
    title = {Neo},
    howpublished = {\url{http://utopia-group.github.io/neo/}},
    year={2018}
}

@inproceedings{maml,
  author    = {Chelsea Finn and
               Pieter Abbeel and
               Sergey Levine},
  title     = {Model-Agnostic Meta-Learning for Fast Adaptation of Deep Networks},
  booktitle = {Proceedings of the 34th International Conference on Machine Learning,
               {ICML} 2017, Sydney, NSW, Australia, 6-11 August 2017},
  pages     = {1126--1135},
  year      = {2017}
}

@inproceedings{sketch,
  author    = {Armando Solar{-}Lezama and
               Liviu Tancau and
               Rastislav Bod{\'{\i}}k and
               Sanjit A. Seshia and
               Vijay A. Saraswat},
  title     = {Combinatorial sketching for finite programs},
  booktitle = {Proceedings of the 12th International Conference on Architectural
               Support for Programming Languages and Operating Systems, {ASPLOS}
               2006, San Jose, CA, USA, October 21-25, 2006},
  pages     = {404--415},
  year      = {2006}
}

@inproceedings{memsynth,
  author    = {James Bornholt and
               Emina Torlak},
  title     = {Synthesizing memory models from framework sketches and Litmus tests},
  booktitle = {Proceedings of the 38th {ACM} {SIGPLAN} Conference on Programming
               Language Design and Implementation, {PLDI} 2017, Barcelona, Spain,
               June 18-23, 2017},
  pages     = {467--481},
  year      = {2017}
}

@incollection{meta1,
  author    = {Sebastian Thrun and
               Lorien Y. Pratt},
  title     = {Learning to Learn: Introduction and Overview},
  booktitle = {Learning to Learn.},
  pages     = {3--17},
  year      = {1998}
}

@misc{ibias,
    author={wikipedia},
    title = {Inductive Bias},
    howpublished = {\url{https://en.wikipedia.org/wiki/Inductive_bias}},
    year={2019}
}

@inproceedings{neo,
  author    = {Yu Feng and
               Ruben Martins and
               Osbert Bastani and
               Isil Dillig},
  title     = {Program synthesis using conflict-driven learning},
  booktitle = pldi,
  pages     = {420--435},
  year      = {2018}
}

@article{autopandas,
  author    = {Rohan Bavishi and
               Caroline Lemieux and
               Roy Fox and
               Koushik Sen and
               Ion Stoica},
  title     = {AutoPandas: neural-backed generators for program synthesis},
  journal   = {{PACMPL}},
  volume    = {3},
  number    = {{OOPSLA}},
  pages     = {168:1--168:27},
  year      = {2019}
}

@article{cho2014learning,
  title={Learning phrase representations using RNN encoder-decoder for statistical machine translation},
  author={Cho, Kyunghyun and Van Merri{\"e}nboer, Bart and Gulcehre, Caglar and Bahdanau, Dzmitry and Bougares, Fethi and Schwenk, Holger and Bengio, Yoshua},
  journal={arXiv preprint arXiv:1406.1078},
  year={2014}
}

@inproceedings{parisotto2016neuro,
  title={Neuro-symbolic program synthesis},
  author={Parisotto, Emilio and Mohamed, Abdel-rahman and Singh, Rishabh and Li, Lihong and Zhou, Dengyong and Kohli, Pushmeet},
  booktitle={ICLR},
  year={2017}
}

@inproceedings{bunel2018leveraging,
  title={Leveraging grammar and reinforcement learning for neural program synthesis},
  author={Bunel, Rudy and Hausknecht, Matthew and Devlin, Jacob and Singh, Rishabh and Kohli, Pushmeet},
  booktitle={ICLR},
  year={2018}
}

@inproceedings{brockschmidt2019generative,
  title={Generative Code Modeling with Graphs},
  author={Brockschmidt, Marc and Allamanis, Miltiadis and Gaunt, Alexander L. and Polozov, Oleksandr},
  booktitle={ICLR},
  year={2019}
}

@inproceedings{chen2018execution,
  title={Execution-guided neural program synthesis},
  author={Chen, Xinyun and Liu, Chang and Song, Dawn},
  booktitle={ICLR},
  year={2018}
}

@inproceedings{richard2019program,
  title={Program Synthesis and Semantic Parsing with Learned Code Idioms},
  author={Shin, Richard and Allamanis, Miltiadis and Brockschmidt, Marc and Polozov, Oleksandr},
  booktitle={NeurIPS},
  year={2019}
}

@inproceedings{bastani2018active,
  title={Active learning of points-to specifications},
  author={Bastani, Osbert and Sharma, Rahul and Aiken, Alex and Liang, Percy},
  booktitle={Proceedings of the 39th ACM SIGPLAN Conference on Programming Language Design and Implementation},
  pages={678--692},
  year={2018}
}

@inproceedings{mars,
  author    = {Yanju Chen and
               Ruben Martins and
               Yu Feng},
  title     = {Maximal multi-layer specification synthesis},
  booktitle = {Proceedings of the {ACM} Joint Meeting on European Software Engineering
               Conference and Symposium on the Foundations of Software Engineering,
               {ESEC/SIGSOFT} {FSE} 2019, Tallinn, Estonia, August 26-30, 2019},
  pages     = {602--612},
  year      = {2019}
}

@inproceedings{Si2018b,
  author    = {Xujie Si and
               Yuan Yang and
               Hanjun Dai and
               Mayur Naik and
               Le Song},
  title     = {Learning a Meta-Solver for Syntax-Guided Program Synthesis},
  booktitle = {7th International Conference on Learning Representations, {ICLR} 2019,
               New Orleans, LA, USA, May 6-9, 2019},
  year      = {2019}
}

@inproceedings{Si2018a,
  author    = {Xujie Si and
               Hanjun Dai and
               Mukund Raghothaman and
               Mayur Naik and
               Le Song},
  title     = {Learning Loop Invariants for Program Verification},
  booktitle = {Advances in Neural Information Processing Systems 31: Annual Conference
               on Neural Information Processing Systems 2018, NeurIPS 2018, 3-8 December
               2018, Montr{\'{e}}al, Canada},
  pages     = {7762--7773},
  year      = {2018}
}

@article{coeus,
  author    = {Jia Chen and
               Jiayi Wei and
               Yu Feng and
               Osbert Bastani and
               Isil Dillig},
  title     = {Relational verification using reinforcement learning},
  journal   = {{PACMPL}},
  volume    = {3},
  number    = {{OOPSLA}},
  pages     = {141:1--141:30},
  year      = {2019}
}

@inproceedings{Singh2018,
  author    = {Gagandeep Singh and
               Markus P{\"{u}}schel and
               Martin T. Vechev},
  title     = {Fast Numerical Program Analysis with Reinforcement Learning},
  booktitle = {Computer Aided Verification - 30th International Conference, {CAV}
               2018, Held as Part of the Federated Logic Conference, FloC 2018, Oxford,
               UK, July 14-17, 2018, Proceedings, Part {I}},
  pages     = {211--229},
  year      = {2018}
}

@inproceedings{Neelakantan2,
  author    = {Arvind Neelakantan and
               Quoc V. Le and
               Mart{\'{\i}}n Abadi and
               Andrew McCallum and
               Dario Amodei},
  title     = {Learning a Natural Language Interface with Neural Programmer},
  booktitle = {5th International Conference on Learning Representations, {ICLR} 2017,
               Toulon, France, April 24-26, 2017, Conference Track Proceedings},
  year      = {2017},
  crossref  = {DBLP:conf/iclr/2017},
  url       = {https://openreview.net/forum?id=ry2YOrcge},
  timestamp = {Thu, 25 Jul 2019 14:25:43 +0200},
  biburl    = {https://dblp.org/rec/bib/conf/iclr/NeelakantanLAMA17},
  bibsource = {dblp computer science bibliography, https://dblp.org}
}

@inproceedings{Neelakantan1,
  author    = {Arvind Neelakantan and
               Quoc V. Le and
               Ilya Sutskever},
  title     = {Neural Programmer: Inducing Latent Programs with Gradient Descent},
  booktitle = {4th International Conference on Learning Representations, {ICLR} 2016,
               San Juan, Puerto Rico, May 2-4, 2016, Conference Track Proceedings},
  year      = {2016},
  crossref  = {DBLP:conf/iclr/2016},
  url       = {http://arxiv.org/abs/1511.04834},
  timestamp = {Thu, 25 Jul 2019 14:25:37 +0200},
  biburl    = {https://dblp.org/rec/bib/journals/corr/NeelakantanLS15},
  bibsource = {dblp computer science bibliography, https://dblp.org}
}

@inproceedings{seq2seq,
  title={Sequence to sequence learning with neural networks},
  author={Sutskever, Ilya and Vinyals, Oriol and Le, Quoc V},
  booktitle={Advances in neural information processing systems},
  pages={3104--3112},
  year={2014}
}

@inproceedings{migrator,
  author    = {Yuepeng Wang and
               James Dong and
               Rushi Shah and
               Isil Dillig},
  title     = {Synthesizing database programs for schema refactoring},
  booktitle = {Proceedings of the 40th {ACM} {SIGPLAN} Conference on Programming
               Language Design and Implementation, {PLDI} 2019, Phoenix, AZ, USA,
               June 22-26, 2019},
  pages     = {286--300},
  year      = {2019}
}

@inproceedings{l2,
  author    = {John K. Feser and
               Swarat Chaudhuri and
               Isil Dillig},
  title     = {Synthesizing data structure transformations from input-output examples},
  booktitle = {Proceedings of the 36th {ACM} {SIGPLAN} Conference on Programming
               Language Design and Implementation, Portland, OR, USA, June 15-17,
               2015},
  pages     = {229--239},
  year      = {2015}
}

@inproceedings{flashmeta,
  author    = {Oleksandr Polozov and
               Sumit Gulwani},
  title     = {FlashMeta: a framework for inductive program synthesis},
  booktitle = {Proceedings of the 2015 {ACM} {SIGPLAN} International Conference on
               Object-Oriented Programming, Systems, Languages, and Applications,
               {OOPSLA} 2015, part of {SPLASH} 2015, Pittsburgh, PA, USA, October
               25-30, 2015},
  pages     = {107--126},
  year      = {2015}
}

@inproceedings{rosette,
  author    = {Emina Torlak and
               Rastislav Bod{\'{\i}}k},
  title     = {A lightweight symbolic virtual machine for solver-aided host languages},
  booktitle = {{ACM} {SIGPLAN} Conference on Programming Language Design and Implementation,
               {PLDI} '14, Edinburgh, United Kingdom - June 09 - 11, 2014},
  pages     = {530--541},
  year      = {2014}
}

@inproceedings{osera2,
  author    = {Jonathan Frankle and
               Peter{-}Michael Osera and
               David Walker and
               Steve Zdancewic},
  title     = {Example-directed synthesis: a type-theoretic interpretation},
  booktitle = {Proceedings of the 43rd Annual {ACM} {SIGPLAN-SIGACT} Symposium on
               Principles of Programming Languages, {POPL} 2016, St. Petersburg,
               FL, USA, January 20 - 22, 2016},
  pages     = {802--815},
  year      = {2016}
}

@inproceedings{osera1,
  author    = {Peter{-}Michael Osera and
               Steve Zdancewic},
  title     = {Type-and-example-directed program synthesis},
  booktitle = {Proceedings of the 36th {ACM} {SIGPLAN} Conference on Programming
               Language Design and Implementation, Portland, OR, USA, June 15-17,
               2015},
  pages     = {619--630},
  year      = {2015}
}

@InProceedings{Yu&al.18.emnlp.syntax,
  author =  {Tao Yu and Michihiro Yasunaga and Kai Yang and Rui Zhang and Dongxu Wang and Zifan Li and Dragomir Radev},
  title =   {SyntaxSQLNet: Syntax Tree Networks for Complex and Cross-Domain Text-to-SQL Task},
  year =    {2018},  
  booktitle =   {Proceedings of EMNLP},  
  publisher =   {Association for Computational Linguistics},
}

@inproceedings{DBLP:conf/emnlp/IyerKCZ18,
  author    = {Srinivasan Iyer and
               Ioannis Konstas and
               Alvin Cheung and
               Luke Zettlemoyer},
  title     = {Mapping Language to Code in Programmatic Context},
  booktitle = {Proceedings of the 2018 Conference on Empirical Methods in Natural
               Language Processing, Brussels, Belgium, October 31 - November 4, 2018},
  pages     = {1643--1652},
  year      = {2018},
  crossref  = {DBLP:conf/emnlp/2018},
  url       = {https://www.aclweb.org/anthology/D18-1192/},
  timestamp = {Fri, 13 Sep 2019 13:08:45 +0200},
  biburl    = {https://dblp.org/rec/bib/conf/emnlp/IyerKCZ18},
  bibsource = {dblp computer science bibliography, https://dblp.org}
}

@misc{chen2019multimodal,
    title={Multi-Modal Synthesis of Regular Expressions},
    author={Qiaochu Chen and Xinyu Wang and Xi Ye and Greg Durrett and Isil Dillig},
    year={2019},
    eprint={1908.03316},
    archivePrefix={arXiv},
    primaryClass={cs.PL}
}

@inproceedings{ellis2018learning,
  title={Learning to infer graphics programs from hand-drawn images},
  author={Ellis, Kevin and Ritchie, Daniel and Solar-Lezama, Armando and Tenenbaum, Josh},
  booktitle={Advances in neural information processing systems},
  pages={6059--6068},
  year={2018}
}

@inproceedings{DBLP:conf/icml/NyeHTS19,
  author    = {Maxwell I. Nye and
               Luke B. Hewitt and
               Joshua B. Tenenbaum and
               Armando Solar{-}Lezama},
  title     = {Learning to Infer Program Sketches},
  booktitle = {Proceedings of the 36th International Conference on Machine Learning,
               {ICML} 2019, 9-15 June 2019, Long Beach, California, {USA}},
  pages     = {4861--4870},
  year      = {2019},
  crossref  = {DBLP:conf/icml/2019},
  url       = {http://proceedings.mlr.press/v97/nye19a.html},
  timestamp = {Tue, 11 Jun 2019 15:37:38 +0200},
  biburl    = {https://dblp.org/rec/bib/conf/icml/NyeHTS19},
  bibsource = {dblp computer science bibliography, https://dblp.org}
}

@article{miltner2019synthesizing,
  title={Synthesizing symmetric lenses},
  author={Miltner, Anders and Maina, Solomon and Fisher, Kathleen and Pierce, Benjamin C and Walker, David and Zdancewic, Steve},
  journal={Proceedings of the ACM on Programming Languages},
  volume={3},
  number={ICFP},
  pages={1--28},
  year={2019},
  publisher={ACM New York, NY, USA}
}

@inproceedings{long2017automatic,
  title={Automatic inference of code transforms for patch generation},
  author={Long, Fan and Amidon, Peter and Rinard, Martin},
  booktitle={Proceedings of the 2017 11th Joint Meeting on Foundations of Software Engineering},
  pages={727--739},
  year={2017}
}

@inproceedings{shin2019program,
  title={Program synthesis and semantic parsing with learned code idioms},
  author={Shin, Eui Chul and Allamanis, Miltiadis and Brockschmidt, Marc and Polozov, Alex},
  booktitle={Advances in Neural Information Processing Systems},
  pages={10824--10834},
  year={2019}
}

@inproceedings{devlin2017robustfill,
  title={Robustfill: Neural program learning under noisy i/o},
  author={Devlin, Jacob and Uesato, Jonathan and Bhupatiraju, Surya and Singh, Rishabh and Mohamed, Abdel-rahman and Kohli, Pushmeet},
  booktitle={Proceedings of the 34th International Conference on Machine Learning-Volume 70},
  pages={990--998},
  year={2017},
  organization={JMLR. org}
}

@inproceedings{DBLP:conf/iclr/MaoGKTW19,
  author    = {Jiayuan Mao and
               Chuang Gan and
               Pushmeet Kohli and
               Joshua B. Tenenbaum and
               Jiajun Wu},
  title     = {The Neuro-Symbolic Concept Learner: Interpreting Scenes, Words, and
               Sentences From Natural Supervision},
  booktitle = {7th International Conference on Learning Representations, {ICLR} 2019,
               New Orleans, LA, USA, May 6-9, 2019},
  year      = {2019},
  crossref  = {DBLP:conf/iclr/2019},
  url       = {https://openreview.net/forum?id=rJgMlhRctm},
  timestamp = {Thu, 25 Jul 2019 13:03:16 +0200},
  biburl    = {https://dblp.org/rec/bib/conf/iclr/MaoGKTW19},
  bibsource = {dblp computer science bibliography, https://dblp.org}
}

@inproceedings{DBLP:conf/nips/LiangNBLL18,
  author    = {Chen Liang and
               Mohammad Norouzi and
               Jonathan Berant and
               Quoc V. Le and
               Ni Lao},
  title     = {Memory Augmented Policy Optimization for Program Synthesis and Semantic
               Parsing},
  booktitle = {Advances in Neural Information Processing Systems 31: Annual Conference
               on Neural Information Processing Systems 2018, NeurIPS 2018, 3-8 December
               2018, Montr{\'{e}}al, Canada},
  pages     = {10015--10027},
  year      = {2018},
  crossref  = {DBLP:conf/nips/2018},
  url       = {http://papers.nips.cc/paper/8204-memory-augmented-policy-optimization-for-program-synthesis-and-semantic-parsing},
  timestamp = {Mon, 17 Dec 2018 07:51:43 +0100},
  biburl    = {https://dblp.org/rec/bib/conf/nips/LiangNBLL18},
  bibsource = {dblp computer science bibliography, https://dblp.org}
}

@inproceedings{DBLP:conf/iclr/KalyanMPBJG18,
  author    = {Ashwin Kalyan and
               Abhishek Mohta and
               Oleksandr Polozov and
               Dhruv Batra and
               Prateek Jain and
               Sumit Gulwani},
  title     = {Neural-Guided Deductive Search for Real-Time Program Synthesis from
               Examples},
  booktitle = {6th International Conference on Learning Representations, {ICLR} 2018,
               Vancouver, BC, Canada, April 30 - May 3, 2018, Conference Track Proceedings},
  year      = {2018},
  crossref  = {DBLP:conf/iclr/2018},
  url       = {https://openreview.net/forum?id=rywDjg-RW},
  timestamp = {Thu, 25 Jul 2019 14:25:54 +0200},
  biburl    = {https://dblp.org/rec/bib/conf/iclr/KalyanMPBJG18},
  bibsource = {dblp computer science bibliography, https://dblp.org}
}

@inproceedings{DBLP:conf/nips/DaiLWSHK19,
  author    = {Hanjun Dai and
               Yujia Li and
               Chenglong Wang and
               Rishabh Singh and
               Po{-}Sen Huang and
               Pushmeet Kohli},
  title     = {Learning Transferable Graph Exploration},
  booktitle = {Advances in Neural Information Processing Systems 32: Annual Conference
               on Neural Information Processing Systems 2019, NeurIPS 2019, 8-14
               December 2019, Vancouver, BC, Canada},
  pages     = {2514--2525},
  year      = {2019},
  crossref  = {DBLP:conf/nips/2019},
  url       = {http://papers.nips.cc/paper/8521-learning-transferable-graph-exploration},
  timestamp = {Mon, 13 Jan 2020 09:28:31 +0100},
  biburl    = {https://dblp.org/rec/bib/conf/nips/DaiLWSHK19},
  bibsource = {dblp computer science bibliography, https://dblp.org}
}

@article{DBLP:journals/pacmpl/WangFBCD20,
  author    = {Chenglong Wang and
               Yu Feng and
               Rastislav Bod{\'{\i}}k and
               Alvin Cheung and
               Isil Dillig},
  title     = {Visualization by example},
  journal   = {{PACMPL}},
  volume    = {4},
  number    = {{POPL}},
  pages     = {49:1--49:28},
  year      = {2020},
  url       = {https://doi.org/10.1145/3371117},
  doi       = {10.1145/3371117},
  timestamp = {Mon, 13 Jan 2020 08:55:28 +0100},
  biburl    = {https://dblp.org/rec/bib/journals/pacmpl/WangFBCD20},
  bibsource = {dblp computer science bibliography, https://dblp.org}
}

@article{trinity,
  title={Trinity: an extensible synthesis framework for data science},
  author={Martins, Ruben and Chen, Jia and Chen, Yanju and Feng, Yu and Dillig, Isil},
  journal={Proceedings of the VLDB Endowment},
  volume={12},
  number={12},
  pages={1914--1917},
  year={2019},
  publisher={VLDB Endowment}
}

@inproceedings{sutton2000policy,
  title={Policy gradient methods for reinforcement learning with function approximation},
  author={Sutton, Richard S and McAllester, David A and Singh, Satinder P and Mansour, Yishay},
  booktitle={Advances in neural information processing systems},
  pages={1057--1063},
  year={2000}
}

@book{sygus,
  title={Syntax-guided synthesis},
  author={Alur, Rajeev and Bodik, Rastislav and Juniwal, Garvit and Martin, Milo MK and Raghothaman, Mukund and Seshia, Sanjit A and Singh, Rishabh and Solar-Lezama, Armando and Torlak, Emina and Udupa, Abhishek},
  year={2013},
  publisher={IEEE}
}

@inproceedings{lee2016synthesizing,
  title={Synthesizing regular expressions from examples for introductory automata assignments},
  author={Lee, Mina and So, Sunbeom and Oh, Hakjoo},
  booktitle={Proceedings of the 2016 ACM SIGPLAN International Conference on Generative Programming: Concepts and Experiences},
  pages={70--80},
  year={2016}
}

@inproceedings{levine2013guided,
  title={Guided policy search},
  author={Levine, Sergey and Koltun, Vladlen},
  booktitle={International Conference on Machine Learning},
  pages={1--9},
  year={2013}
}